<?xml version="1.0" encoding="UTF-8"?><record xmlns="http://www.loc.gov/MARC21/slim" xmlns:cinclude="http://apache.org/cocoon/include/1.0" xmlns:zs="http://www.loc.gov/zing/srw/">
  <leader>00393cz  a2200121n  4500</leader>
  <controlfield tag="001">n  95091258 </controlfield>
  <controlfield tag="003">DLC</controlfield>
  <controlfield tag="005">19950915090851.2</controlfield>
  <controlfield tag="008">950914n| acannaab|          |n aaa |||  </controlfield>
  <datafield tag="010" ind1=" " ind2=" ">
    <subfield code="a">n  95091258 </subfield>
  </datafield>
  <datafield tag="040" ind1=" " ind2=" ">
    <subfield code="a">DLC</subfield>
    <subfield code="c">DLC</subfield>
    <subfield code="d">DLC</subfield>
  </datafield>
  <datafield tag="100" ind1="1" ind2="0">
    <subfield code="a">DeGeorge, Gail</subfield>
  </datafield>
  <datafield tag="670" ind1=" " ind2=" ">
    <subfield code="a">The making of a blockbuster, 1995:</subfield>
    <subfield code="b">CIP t.p. (Gail DeGeorge) pub. info. (Miami bureau manager for BusinessWeek) galley (Gail A. DeGeorge)</subfield>
  </datafield>
</record>